<?xml version="1.0" encoding="UTF-8" ?>
<collection xmlns:xsi="http://www.w3.org/2001/XMLSchema-instance"
    xsi:schemaLocation="http://www.loc.gov/MARC21/slim
        http://www.loc.gov/standards/marcxml/schema/MARC21slim.xsd"
    xmlns="http://www.loc.gov/MARC21/slim">
<record>
  <leader>00222cam a2200409 i 4500</leader>
  <controlfield tag="001">b12774625</controlfield>
  <controlfield tag="003">LeBAU</controlfield>
  <controlfield tag="005">20170629</controlfield>
  <controlfield tag="008">971121s1946    le a          ||0 0 ara d</controlfield>
  <datafield tag="035" ind1=" " ind2=" ">
    <subfield code="a">ocn784510228</subfield>
  </datafield>
  <datafield tag="040" ind1=" " ind2=" ">
    <subfield code="a">LEAUB</subfield>
    <subfield code="b">ara</subfield>
    <subfield code="e">rda</subfield>
    <subfield code="c">LEAUB</subfield>
    <subfield code="d">LEAUB</subfield>
  </datafield>
  <datafield tag="082" ind1="0" ind2="4">
    <subfield code="a">511</subfield>
    <subfield code="2">22</subfield>
  </datafield>
  <datafield tag="100" ind1="1" ind2=" ">
    <subfield code="6">880-01</subfield>
    <subfield code="a">Jurdāq, Manṣūr Ḥannā,</subfield>
    <subfield code="e">author.</subfield>
  </datafield>
  <datafield tag="245" ind1="1" ind2="0">
    <subfield code="6">880-02</subfield>
    <subfield code="a">Darajāt al-ḥisāb al-ḥadīth lil-madāris al-ibtidā’īyah :</subfield>
    <subfield code="b">al-darajah al-ūlá /</subfield>
    <subfield code="c">ta’līf Manṣūr Jurdāq, ustādh al-riyāḍiyāt wa-al-falak fī al-Jāmi‘ah al-Amīrikīyah bi-Bayrūt, wa-‘uḍw fī al-Jam‘īyah al-Riyāḍīyah al-Inklīzīyah wa-al-Jam‘īyah al-Riyāḍīyah al-Amīrikānīyah wa-ghayrahumā min al-jam‘īyat al-riyāḍīyah wa-al-falakīyah wa-al-handasīyah wa-al-‘ilmīyah fī Ūrubbā wa-Amīrkā.</subfield>
  </datafield>
  <datafield tag="250" ind1=" " ind2=" ">
    <subfield code="6">880-03</subfield>
    <subfield code="a">al-Ṭab‘ah al-thānīyah.</subfield>
  </datafield>
  <datafield tag="264" ind1=" " ind2="1">
    <subfield code="6">880-04</subfield>
    <subfield code="a">Bayrūt :</subfield>
    <subfield code="b">al-Maṭba‘ah al-Amīrikānīyah,</subfield>
    <subfield code="c">1946.</subfield>
  </datafield>
  <datafield tag="300" ind1=" " ind2=" ">
    <subfield code="6">880-05</subfield>
    <subfield code="a">234 pages :</subfield>
    <subfield code="b">illustrations ;</subfield>
    <subfield code="c">19 cm</subfield>
  </datafield>
  <datafield tag="336" ind1=" " ind2=" ">
    <subfield code="a">text</subfield>
    <subfield code="b">txt</subfield>
    <subfield code="2">rdacontent</subfield>
  </datafield>
  <datafield tag="336" ind1=" " ind2=" ">
    <subfield code="a">still image</subfield>
    <subfield code="b">sti</subfield>
    <subfield code="2">rdacontent </subfield>
  </datafield>
  <datafield tag="337" ind1=" " ind2=" ">
    <subfield code="a">unmediated</subfield>
    <subfield code="b">n</subfield>
    <subfield code="2">rdamedia</subfield>
  </datafield>
  <datafield tag="338" ind1=" " ind2=" ">
    <subfield code="a">volume</subfield>
    <subfield code="b">nc</subfield>
    <subfield code="2">rdacarrier</subfield>
  </datafield>
  <datafield tag="650" ind1=" " ind2="4">
    <subfield code="a">الحساب</subfield>
    <subfield code="v">كتب مدرسية.</subfield>
  </datafield>
  <datafield tag="650" ind1=" " ind2="4">
    <subfield code="a">الحساب</subfield>
    <subfield code="x">الدرس والتدريس.</subfield>
  </datafield>
  <datafield tag="650" ind1=" " ind2="0">
    <subfield code="a">Arithmetic</subfield>
    <subfield code="v">Textbooks.</subfield>
  </datafield>
  <datafield tag="650" ind1=" " ind2="0">
    <subfield code="a">Arithmetic</subfield>
    <subfield code="x">Study and teaching.</subfield>
  </datafield>
  <datafield tag="775" ind1="0" ind2=" ">
    <subfield code="6">880-06</subfield>
    <subfield code="t">Darajāt al-ḥisāb al-ḥadīth lil-madāris al-ibtidā’īyah: al-darajah al-ūlá.</subfield>
    <subfield code="b">al-Ṭab‘ah al-ūlá</subfield>
    <subfield code="d">Bayrūt : al-Maṭba‘ah al-Amīrikānīyah, 1935</subfield>
    <subfield code="w">(OCoLC)784341327</subfield>
    <subfield code="w">(OCoLC)784341327</subfield>
  </datafield>
  <datafield tag="852" ind1=" " ind2=" ">
    <subfield code="a">Jafet Archives and Special Collections</subfield>
    <subfield code="e">American University of Beirut, Bliss Street , Beirut, Lebanon.</subfield>
  </datafield>
  <datafield tag="880" ind1="1" ind2=" ">
    <subfield code="6">100-01/(3/r</subfield>
    <subfield code="a">جرداق، منصور حنا،</subfield>
    <subfield code="e">مؤلف. </subfield>
    <subfield code="4">aut.</subfield>
  </datafield>
  <datafield tag="880" ind1="1" ind2="0">
    <subfield code="6">245-02/(3/r</subfield>
    <subfield code="a">درجات الحساب الحديث للمدارس الإبتدائية :</subfield>
    <subfield code="b">الدرجة الأولى /</subfield>
    <subfield code="c">تأليف منصور جرداق، أستاذ الرياضيات والفلك في الجامعة الأميركية ببيروت، وعضو في الجمعية الرياضية الإنكليزية والجمعية الرياضية الأميركانية وغيرهما من الجمعيات الرياضية والفلكية والهندسية والعلمية في أوروبا وأميركا.</subfield>
  </datafield>
  <datafield tag="880" ind1=" " ind2=" ">
    <subfield code="6">250-03/(3/r</subfield>
    <subfield code="a">الطبعة الثانية.</subfield>
  </datafield>
  <datafield tag="880" ind1=" " ind2="1">
    <subfield code="6">264-04/(3/r</subfield>
    <subfield code="a">بيروت :</subfield>
    <subfield code="b">المطبعة الأميركانية،</subfield>
    <subfield code="c">1946.</subfield>
  </datafield>
  <datafield tag="880" ind1=" " ind2=" ">
    <subfield code="6">300-05/(3/r</subfield>
    <subfield code="a">234 صفحة :</subfield>
    <subfield code="b">مصورات ؛</subfield>
    <subfield code="c">19 سم</subfield>
  </datafield>
  <datafield tag="880" ind1="0" ind2=" ">
    <subfield code="6">775-06/(3/r</subfield>
    <subfield code="t">درجات الحساب الحديث للمدارس الإبتدائية: الدرجة الأولى.</subfield>
    <subfield code="b">الطبعة الأولى</subfield>
    <subfield code="d">بيروت : المطبعة الأميركانية، 1935</subfield>
    <subfield code="w">b12484805</subfield>
    <subfield code="w">(OCoLC)784341327</subfield>
  </datafield>
  <datafield tag="907" ind1=" " ind2=" ">
    <subfield code="a">.b12774625</subfield>
    <subfield code="b">17-07-11</subfield>
    <subfield code="c">11-05-24</subfield>
  </datafield>
  <datafield tag="907" ind1=" " ind2=" ">
    <subfield code="a">.b12774625</subfield>
    <subfield code="b">15-10-15</subfield>
    <subfield code="c">11-05-24</subfield>
  </datafield>
  <datafield tag="945" ind1=" " ind2=" ">
    <subfield code="f">CA</subfield>
    <subfield code="a">511:J95d2A</subfield>
    <subfield code="i">01067772</subfield>
    <subfield code="j">.i13357396</subfield>
    <subfield code="l">u0304</subfield>
  </datafield>
  <datafield tag="998" ind1=" " ind2=" ">
    <subfield code="a">u03</subfield>
    <subfield code="b">97-11-21</subfield>
    <subfield code="c">m</subfield>
    <subfield code="d">a</subfield>
    <subfield code="e">-</subfield>
    <subfield code="f">ara</subfield>
    <subfield code="g">le </subfield>
    <subfield code="h">0</subfield>
    <subfield code="i">1</subfield>
  </datafield>
</record>
</collection>
